@Book{fellows_research_2021,
  title     = {Research Methods for Construction},
  publisher = {Wiley-Blackwell},
  year      = {2021},
  author    = {Fellows, Richard F. and Liu, Anita M. M.},
  edition   = {5},
  isbn      = {978-1-119-81473-3},
  pages     = {384},
}